<?xml version="1.0" encoding="UTF-8"?><collection xmlns="http://www.loc.gov/MARC21/slim"><record><leader>00376nam--2200133-i-4500</leader><controlfield tag="001">000046668</controlfield><controlfield tag="002">20161230</controlfield><controlfield tag="005">20161230201046</controlfield><controlfield tag="008">060222s1000------------r-----000-0-eng-d</controlfield><datafield ind1=" " ind2=" " tag="080"><subfield code="a">621.3.06:621.38.04</subfield></datafield><datafield ind1=" " ind2=" " tag="100"><subfield code="a">Vlach,Jiff</subfield></datafield><datafield ind1=" " ind2=" " tag="245"><subfield code="a">Computerized approximation and synthesis of linear networks</subfield></datafield><datafield ind1=" " ind2=" " tag="260"><subfield code="a">New York, John Wiley &amp; Sons, Inc.,1969. Xiii+477 P</subfield></datafield><datafield ind1=" " ind2=" " tag="852"><subfield code="a">36578</subfield></datafield></record></collection>